<record><leader>00000cas a2200000 i 4500</leader><controlfield tag="001">11876375</controlfield><controlfield tag="008">850402d1892191uinuwr ne      0    0eng c</controlfield><datafield ind1=" " ind2=" " tag="010"><subfield code="a">sn 85047756 </subfield></datafield><datafield ind1=" " ind2=" " tag="040"><subfield code="a">NPI</subfield><subfield code="b">eng</subfield><subfield code="e">rda</subfield><subfield code="c">NPI</subfield><subfield code="d">OCLCQ</subfield><subfield code="d">IUL</subfield><subfield code="d">OCLCF</subfield></datafield><datafield ind1=" " ind2=" " tag="042"><subfield code="a">pcc</subfield></datafield><datafield ind1=" " ind2=" " tag="043"><subfield code="a">n-us-in</subfield></datafield><datafield ind1="0" ind2=" " tag="130"><subfield code="a">Democratic herald (Batesville, Ind.)</subfield></datafield><datafield ind1="1" ind2="4" tag="245"><subfield code="a">The Democratic herald.</subfield></datafield><datafield ind1=" " ind2="1" tag="264"><subfield code="a">Batesville, Ind. :</subfield><subfield code="b">[Clarence H. Andres]</subfield></datafield><datafield ind1=" " ind2=" " tag="300"><subfield code="a">volumes :</subfield><subfield code="b">illustrations ;</subfield><subfield code="c">58 cm</subfield></datafield><datafield ind1=" " ind2=" " tag="310"><subfield code="a">Weekly</subfield></datafield><datafield ind1=" " ind2=" " tag="336"><subfield code="a">text</subfield><subfield code="b">txt</subfield><subfield code="2">rdacontent</subfield></datafield><datafield ind1=" " ind2=" " tag="337"><subfield code="a">unmediated</subfield><subfield code="b">n</subfield><subfield code="2">rdamedia</subfield></datafield><datafield ind1=" " ind2=" " tag="338"><subfield code="a">volume</subfield><subfield code="b">nc</subfield><subfield code="2">rdacarrier</subfield></datafield><datafield ind1="1" ind2=" " tag="362"><subfield code="a">Began in 1892</subfield><subfield code="z">Cf. Miller, John W. Indiana newspaper bibliog.</subfield></datafield><datafield ind1=" " ind2=" " tag="500"><subfield code="a">Publisher's name from Miller, John W. Indiana newspaper bibliog.</subfield></datafield><datafield ind1=" " ind2=" " tag="500"><subfield code="a">From Feb. 11 - Nov. 4, 1910 the "Democratic herald" published a separate edition for Oldenburg (Franklin County).</subfield></datafield><datafield ind1=" " ind2=" " tag="588"><subfield code="a">Description based on: Vol. II, no. 15 (January 4, 1894); title from mashtead, U.S. Newspaper Archive (viewed July 27, 2017).</subfield></datafield><datafield ind1=" " ind2="0" tag="651"><subfield code="a">Batesville (Ind.)</subfield><subfield code="v">Newspapers.</subfield></datafield><datafield ind1=" " ind2="0" tag="651"><subfield code="a">Ripley County (Ind.)</subfield><subfield code="v">Newspapers.</subfield></datafield><datafield ind1=" " ind2="7" tag="651"><subfield code="a">Indiana</subfield><subfield code="z">Batesville.</subfield><subfield code="2">fast</subfield><subfield code="0">(OCoLC)fst01248248</subfield></datafield><datafield ind1=" " ind2="7" tag="651"><subfield code="a">Indiana</subfield><subfield code="z">Ripley County.</subfield><subfield code="2">fast</subfield><subfield code="0">(OCoLC)fst01218132</subfield></datafield><datafield ind1=" " ind2="7" tag="655"><subfield code="a">Newspapers.</subfield><subfield code="2">fast</subfield><subfield code="0">(OCoLC)fst01423814</subfield></datafield><datafield ind1=" " ind2=" " tag="752"><subfield code="a">United States</subfield><subfield code="b">Indiana</subfield><subfield code="c">Ripley</subfield><subfield code="d">Batesville.</subfield></datafield><datafield ind1="0" ind2=" " tag="775"><subfield code="t">Democratic herald (Oldenburg, Ind.)</subfield><subfield code="w">(DLC)sn 94055023</subfield><subfield code="w">(OCoLC)31021431</subfield></datafield><datafield ind1="0" ind2="0" tag="785"><subfield code="t">Batesville herald</subfield><subfield code="w">(DLC)sn 85047757</subfield><subfield code="w">(OCoLC)11876555</subfield></datafield><datafield ind1="4" ind2="1" tag="856"><subfield code="u">https://access.newspaperarchive.com/us/indiana/batesville/batesville-democrat-herald/</subfield></datafield></record>